@article{boothby,
   author = {Boothby, Thomas C and Tenlen, Jennifer R and Smith, Frank W and Wang, Jeremy R and Patanella, Kiera A and Nishimura, Erin Osborne and Tintori, Sophia C and Li, Qing and Jones, Corbin D and Yandell, Mark},
   title = {Evidence for extensive horizontal gene transfer from the draft genome of a tardigrade},
   journal = {Proceedings of the National Academy of Sciences},
   volume = {112},
   number = {52},
   pages = {15976-15981},
   ISSN = {0027-8424},
   year = {2015},
   type = {Journal Article}
}

@article{Koutsovoulos,
   author = {Koutsovoulos, Georgios and Kumar, Sujai and Laetsch, Dominik R and Stevens, Lewis and Daub, Jennifer and Conlon, Claire and Maroon, Habib and Thomas, Fran and Aboobaker, Aziz A and Blaxter, Mark},
   title = {No evidence for extensive horizontal gene transfer in the genome of the tardigrade Hypsibius dujardini},
   journal = {Proceedings of the National Academy of Sciences},
   pages = {201600338},
   ISSN = {0027-8424},
   year = {2016},
   type = {Journal Article}
}

